%% This BibTeX bibliography file was created using BibDesk.
%% http://bibdesk.sourceforge.net/


%% Created for Anna Coenen at 2013-01-28 12:46:44 -0500 


%% Saved with string encoding Unicode (UTF-8) 



@inproceedings{mason2011use,
	Author = {Mason, W.A. and Suri, S.},
	Booktitle = {Proceedings of the 33nd Annual Conference of the Cognitive Science Society},
	Date-Added = {2013-01-28 03:09:00 +0000},
	Date-Modified = {2013-01-28 03:09:00 +0000},
	Pages = {66--67},
	Title = {How to use Mechanical Turk for cognitive science research},
	Year = {2011}}

@article{germine2012web,
	Author = {Germine, L. and Nakayama, K. and Duchaine, B.C. and Chabris, C.F. and Chatterjee, G. and Wilmer, J.B.},
	Date-Added = {2013-01-28 02:24:13 +0000},
	Date-Modified = {2013-01-28 02:24:13 +0000},
	Journal = {Psychonomic bulletin \& review},
	Pages = {1--11},
	Publisher = {Springer},
	Title = {Is the Web as good as the lab? Comparable performance from Web and lab in cognitive/perceptual experiments},
	Year = {2012}}

@article{paolacci2010running,
	Author = {Paolacci, G. and Chandler, J. and Ipeirotis, P.},
	Date-Added = {2013-01-28 02:23:42 +0000},
	Date-Modified = {2013-01-28 02:23:42 +0000},
	Journal = {Judgment and Decision Making},
	Number = {5},
	Pages = {411--419},
	Title = {Running experiments on amazon mechanical turk},
	Volume = {5},
	Year = {2010}}

@article{mason2012conducting,
	Author = {Mason, W. and Suri, S.},
	Date-Added = {2013-01-28 02:23:16 +0000},
	Date-Modified = {2013-01-28 02:23:16 +0000},
	Journal = {Behavior Research Methods},
	Number = {1},
	Pages = {1--23},
	Publisher = {Springer},
	Title = {Conducting behavioral research on AmazonÂ’s Mechanical Turk},
	Volume = {44},
	Year = {2012}}

@article{rand2012promise,
	Author = {Rand, D.G.},
	Date-Added = {2013-01-28 02:23:03 +0000},
	Date-Modified = {2013-01-28 02:23:03 +0000},
	Journal = {Journal of theoretical biology},
	Pages = {172--179},
	Publisher = {Elsevier},
	Title = {The promise of Mechanical Turk: How online labor markets can help theorists run behavioral experiments},
	Volume = {299},
	Year = {2012}}

@article{crump2013evaluating,
    Author = {Crump, Matthew J. C. AND McDonnell, John V. AND Gureckis, Todd M.},
	Journal = {PLoS One},
	Title = {The promise of Mechanical Turk: How online labor markets can help theorists run behavioral experiments},
	Year = {in press}}

